% Erstellt mir Citavi
@online{01Kategorie_QUELLE_DasITSystemhausderBundesagenturfurArbeit,
  author    = {{IT-Systemhaus der Bundesagentur f{\"u}r Arbeit}},
  year      = {2024},
  title     = {Das IT-Systemhaus der Bundesagentur f{\"u}r Arbeit},
  url       = {https://www.arbeitsagentur.de/vor-ort/datei/das_it-systemhaus_stellt_sich_vor_ba151081.pdf},
  urldate   = {2024-12-05},
  abstract  = {},
  pagetotal = {16},
  usera     = {01},
  userb     = {Kategorie},
  userc     = {Quelle},
  file      = {Das IT-Systemhaus der Bundesagentur f{\"u}r Arbeit:Attachments/Das IT-Systemhaus der Bundesagentur f{\"u}r Arbeit.pdf:application/pdf}
}

@misc{02Kategorie_QUELLE_OrganigrammderZentrale,
  author   = {{Zentrale der Bundesagentur f{\"u}r Arbeit}},
  year     = {2024 intern},
  title    = {Organigramm der Zentrale},
  url      = {https://www.baintranet.de/008/002/009/Documents/Organigramm-Zentrale-PDF.pdf},
  urldate  = {2024-12-05},
  abstract = {},
  location = {N{\"u}rnberg},
  usera    = {02},
  userb    = {Kategorie},
  userc    = {Quelle}
}